<?xml version="1.0" encoding="UTF-8"?>
<collection xmlns:xsi="http://www.w3.org/2001/XMLSchema-instance" xsi:schemaLocation="http://www.loc.gov/MARC21/slim http://www.loc.gov/standards/marcxml/schema/MARC21slim.xsd" xmlns="http://www.loc.gov/MARC21/slim">
<record>
  <leader>00809cam a22002291  4500</leader>
  <controlfield tag="001">2979220</controlfield>
  <controlfield tag="003">NNC</controlfield>
  <controlfield tag="005">20150710084327.0</controlfield>
  <controlfield tag="008">010222s1895    ua            000 0 ara d</controlfield>
  <datafield tag="035" ind1=" " ind2=" ">
    <subfield code="a">(OCoLC)ocm46239389</subfield>
  </datafield>
  <datafield tag="035" ind1=" " ind2=" ">
    <subfield code="9">ASM6290CU</subfield>
  </datafield>
  <datafield tag="035" ind1=" " ind2=" ">
    <subfield code="a">(NNC)2979220</subfield>
  </datafield>
  <datafield tag="040" ind1=" " ind2=" ">
    <subfield code="a">ZCU</subfield>
    <subfield code="c">ZCU</subfield>
  </datafield>
  <datafield tag="090" ind1=" " ind2=" ">
    <subfield code="a">PJ6161</subfield>
    <subfield code="b">.T3</subfield>
  </datafield>
  <datafield tag="100" ind1="1" ind2=" ">
    <subfield code="a">Ṭahṭāwī, Aḥmad Rāfiʻ,</subfield>
    <subfield code="d">1858 or 1859-1936 or 1937.</subfield>
  </datafield>
  <datafield tag="245" ind1="1" ind2="0">
    <subfield code="a">Risālah tusammā Kamāl al-ʻināyah bitawjīh mā fī "Laysa kamithlihī shay " min al-kināyah, limuʾallifihā ...</subfield>
    <subfield code="c">al-sayyid Ahmad Rāfiʻ al-Husaynī al-Qāsimī al-Ḥanafī al-Taḥtāwī.</subfield>
  </datafield>
  <datafield tag="246" ind1="3" ind2="0">
    <subfield code="a">Kamal al-inayah</subfield>
  </datafield>
  <datafield tag="260" ind1=" " ind2=" ">
    <subfield code="a">[al-Qāhirah,</subfield>
    <subfield code="c">1313 h., 1895 m.]</subfield>
  </datafield>
  <datafield tag="300" ind1=" " ind2=" ">
    <subfield code="a">80, 8 p.</subfield>
  </datafield>
  <datafield tag="650" ind1=" " ind2="0">
    <subfield code="a">Arabic language</subfield>
    <subfield code="x">Figures of speech.</subfield>
  </datafield>
  <datafield tag="630" ind1="0" ind2="0">
    <subfield code="a">Qurʼan.</subfield>
  </datafield>
  <datafield tag="955" ind1=" " ind2=" ">
    <subfield code="b">0315317498</subfield>
    <subfield code="d">glx</subfield>
    <subfield code="e">PJ6161 .T3</subfield>
  </datafield>
</record>
</collection>